% motivating examples
@article{chetty2011adjustment,
  title={Adjustment costs, firm responses, and micro vs. macro labor supply elasticities: Evidence from Danish tax records},
  author={Chetty, Raj and Friedman, John N and Olsen, Tore and Pistaferri, Luigi},
  journal={The quarterly journal of economics},
  volume={126},
  number={2},
  pages={749--804},
  year={2011},
  publisher={MIT Press}
}

@article{chetty2014measuring,
  title={Measuring the impacts of teachers II: Teacher value-added and student outcomes in adulthood},
  author={Chetty, Raj and Friedman, John N and Rockoff, Jonah E},
  journal={American economic review},
  volume={104},
  number={9},
  pages={2633--79},
  year={2014}
}

@article{chetty2011does,
  title={How does your kindergarten classroom affect your earnings? Evidence from Project STAR},
  author={Chetty, Raj and Friedman, John N and Hilger, Nathaniel and Saez, Emmanuel and Schanzenbach, Diane Whitmore and Yagan, Danny},
  journal={The Quarterly journal of economics},
  volume={126},
  number={4},
  pages={1593--1660},
  year={2011},
  publisher={MIT Press}
}

% Background on accessing confidential data
@article{benedetto2013creation,
  title={The creation and use of the SIPP Synthetic Beta},
  author={Benedetto, Gary and Stinson, Martha and Abowd, John M},
  year={2013},
  publisher={US Census Bureau}
}

@inproceedings{drechsler2014synthetic,
  title={Synthetic Longitudinal Business Databases for International Comparisons},
  author={Drechsler, J{\"o}rg and Vilhuber, Lars},
  booktitle={International Conference on Privacy in Statistical Databases},
  pages={243--252},
  year={2014},
  organization={Springer}
}

% DP Work
@incollection{dwork2006calibrating,
  title={Calibrating noise to sensitivity in private data analysis},
  author={Dwork, Cynthia and McSherry, Frank and Nissim, Kobbi and Smith, Adam},
  booktitle={Theory of Cryptography},
  pages={265--284},
  year={2006},
  publisher={Springer}
}

@inproceedings{nissim2007smooth,
  title={Smooth sensitivity and sampling in private data analysis},
  author={Nissim, Kobbi and Raskhodnikova, Sofya and Smith, Adam},
  booktitle={Proceedings of the Thirty-ninth annual ACM Symposium on Theory of Computing},
  pages={75--84},
  year={2007},
  organization={ACM}
}

@article{dwork2014algorithmic,
  title={The algorithmic foundations of differential privacy},
  author={Dwork, Cynthia and Roth, Aaron},
  journal={Foundations and Trends{\textregistered} in Theoretical Computer Science},
  volume={9},
  number={3--4},
  pages={211--407},
  year={2014},
  publisher={Now Publishers, Inc.}
}

@article{snoke2019differential,
  title={Differential Privacy: What Is It?},
  author={Snoke, Joshua and Bowen, Claire McKay},
  journal={AMSTAT news: the membership magazine of the American Statistical Association},
  issue={501},
  pages={26--28},
  year={2019},
  publisher={American Statistical Association}
}

@inproceedings{nissim2017differential,
  title={Differential privacy: A primer for a non-technical audience},
  author={Nissim, Kobbi and Steinke, Thomas and Wood, Alexandra and Altman, Micah and Bembenek, Aaron and Bun, Mark and Gaboardi, Marco and Oâ€™Brien, David R and Vadhan, Salil},
  booktitle={Privacy Law Scholars Conf},
  year={2017}
}

@article{bowen2021philosophy,
  title={Philosophy of Differential Privacy},
  author={Bowen, Claire McKay and Garfinkel, Simson},
  journal={Notices of the American Mathematical Society},
  issue={},
  pages={},
  year={2021},
  publisher={American Mathematical Society}
}

@inproceedings{dwork2006our,
  title={Our data, ourselves: Privacy via distriuted noise generation},
  author={Dwork, Cynthia and Kenthapadi, Krishnaram and McSherry, Fang and Mironov, Ilya and Naor, Moni},
  booktitle={Annual International Conference on the Theory and Applications of Cryptographic Techniques},
  pages={486--503},
  year={2006},
  organization={Springer}
}

@inproceedings{mcsherry2007mechanism,
  title={Mechanism design via differential privacy},
  author={McSherry, Frank and Talwar, Kunal},
  booktitle={Foundations of Computer Science, 2007. FOCS'07. 48th Annual IEEE Symposium on},
  pages={94--103},
  year={2007},
  organization={IEEE}
}

@inproceedings{mcsherry2009privacy,
  title={Privacy integrated queries: an extensible platform for privacy-preserving data analysis},
  author={McSherry, Frank D},
  booktitle={Proceedings of the 2009 ACM SIGMOD International Conference on Management of data},
  pages={19--30},
  year={2009},
  organization={ACM}
}

@article{dwork2016concentrated,
  title={Concentrated differential privacy},
  author={Dwork, Cynthia and Rothblum, Guy N},
  journal={arXiv preprint arXiv:1603.01887},
  year={2016}
}

@inproceedings{bun2016concentrated,
  title={Concentrated differential privacy: Simplifications, extensions, and lower bounds},
  author={Bun, Mark and Steinke, Thomas},
  booktitle={Theory of Cryptography Conference},
  pages={635--658},
  year={2016},
  organization={Springer}
}

@inproceedings{mironov2017renyi,
  title={R{\'e}nyi differential privacy},
  author={Mironov, Ilya},
  booktitle={2017 IEEE 30th Computer Security Foundations Symposium (CSF)},
  pages={263--275},
  year={2017},
  organization={IEEE}
}

@inproceedings{renyi1961measures,
  title={On measures of entropy and information},
  author={R{\'e}nyi, Alfr{\'e}d and others},
  booktitle={Proceedings of the Fourth Berkeley Symposium on Mathematical Statistics and Probability, Volume 1: Contributions to the Theory of Statistics},
  year={1961},
  organization={The Regents of the University of California}
}

@inproceedings{wang2019subsampled,
  title={Subsampled R{\'e}nyi differential privacy and analytical moments accountant},
  author={Wang, Yu-Xiang and Balle, Borja and Kasiviswanathan, Shiva Prasad},
  booktitle={The 22nd International Conference on Artificial Intelligence and Statistics},
  pages={1226--1235},
  year={2019},
  organization={PMLR}
}

@article{li2016differential,
  title={Differential privacy: From theory to practice},
  author={Li, Ninghui and Lyu, Min and Su, Dong and Yang, Weining},
  journal={Synthesis Lectures on Information Security, Privacy, \& Trust},
  volume={8},
  number={4},
  pages={1--138},
  year={2016},
  publisher={Morgan \& Claypool Publishers}
}

% List of DP Applications
@article{liu2021face,
  title={Face Image Publication Based on Differential Privacy},
  author={Liu, Chao and Yang, Jing and Zhao, Weinan and Zhang, Yining and Li, Jingyou and Mu, Chunmiao},
  journal={Wireless Communications and Mobile Computing},
  volume={2021},
  year={2021},
  publisher={Hindawi}
}

@inproceedings{zhang2016differential,
  title={On the differential privacy of Bayesian inference},
  author={Zhang, Zuhe and Rubinstein, Benjamin and Dimitrakakis, Christos},
  booktitle={Proceedings of the AAAI Conference on Artificial Intelligence},
  volume={30},
  number={1},
  year={2016}
}

@article{xie2018differentially,
  title={Differentially private generative adversarial network},
  author={Xie, Liyang and Lin, Kaixiang and Wang, Shu and Wang, Fei and Zhou, Jiayu},
  journal={arXiv preprint arXiv:1802.06739},
  year={2018}
}

@inproceedings{johnson2013privacy,
  title={Privacy-preserving data exploration in genome-wide association studies},
  author={Johnson, Aaron and Shmatikov, Vitaly},
  booktitle={Proceedings of the 19th ACM SIGKDD international conference on Knowledge discovery and data mining},
  pages={1079--1087},
  year={2013}
}

@article{yin2017location,
  title={Location privacy protection based on differential privacy strategy for big data in industrial internet of things},
  author={Yin, Chunyong and Xi, Jinwen and Sun, Ruxia and Wang, Jin},
  journal={IEEE Transactions on Industrial Informatics},
  volume={14},
  number={8},
  pages={3628--3636},
  year={2017},
  publisher={IEEE}
}

@article{sarwate2013signal,
  title={Signal processing and machine learning with differential privacy: Algorithms and challenges for continuous data},
  author={Sarwate, Anand D and Chaudhuri, Kamalika},
  journal={IEEE signal processing magazine},
  volume={30},
  number={5},
  pages={86--94},
  year={2013},
  publisher={IEEE}
}

@inproceedings{pettai2015combining,
  title={Combining differential privacy and secure multiparty computation},
  author={Pettai, Martin and Laud, Peeter},
  booktitle={Proceedings of the 31st Annual Computer Security Applications Conference},
  pages={421--430},
  year={2015}
}

@inproceedings{abadi2016deep,
  title={Deep learning with differential privacy},
  author={Abadi, Martin and Chu, Andy and Goodfellow, Ian and McMahan, H Brendan and Mironov, Ilya and Talwar, Kunal and Zhang, Li},
  booktitle={Proceedings of the 2016 ACM SIGSAC conference on computer and communications security},
  pages={308--318},
  year={2016}
}

@article{wang2020principal,
  title={Principal component analysis in the local differential privacy model},
  author={Wang, Di and Xu, Jinhui},
  journal={Theoretical Computer Science},
  volume={809},
  pages={296--312},
  year={2020},
  publisher={Elsevier}
}

@inproceedings{liu2020differentially,
  title={Differentially Private Generation of Social Networks via Exponential Random Graph Models},
  author={Liu, Fang and Eugenio, Evercita and Jin, Ick Hoon and Bowen, Claire},
  booktitle={2020 IEEE 44th Annual Computers, Software, and Applications Conference (COMPSAC)},
  pages={1695--1700},
  year={2020},
  organization={IEEE}
}

@article{johnson2018towards,
  title={Towards practical differential privacy for {SQL} queries},
  author={Johnson, Noah and Near, Joseph P and Song, Dawn},
  journal={Proceedings of the VLDB Endowment},
  volume={11},
  number={5},
  pages={526--539},
  year={2018},
  publisher={VLDB Endowment}
}

@inproceedings{mcsherry2009differentially,
  title={Differentially private recommender systems: Building privacy into the netflix prize contenders},
  author={McSherry, Frank and Mironov, Ilya},
  booktitle={Proceedings of the 15th ACM SIGKDD international conference on Knowledge discovery and data mining},
  pages={627--636},
  year={2009}
}


% Setting Epsilon
@incollection{dwork2008survey,
  title={Differential Privacy: A Survey of Results},
  author={Dwork, Cynthia},
  booktitle={TAMC 2008, LNCS 4978},
  pages={1-19},
  year={2008},
  publisher={ Springer-Verlag Berlin Heidelberg }
}

@article{machanavajjhala2008privacy,
    author={Ashwin Machanavajjhala and Daniel Kifer and John Abowd and Johannes Gehrke and Lars Vilhuber},
    title="Privacy: Theory meets Practice on the Map",
    journal = "IEEE ICDE IEEE 24th International Conference",
    pages="277 - 286",
    year="2008"
    }

@inproceedings{abowd2008protective,
  title={How protective are synthetic data?},
  author={Abowd, John M and Vilhuber, Lars},
  booktitle={International Conference on Privacy in Statistical Databases},
  pages={239--246},
  year={2008},
  organization={Springer}
}

@article{wasserman2010statistical,
  title={A statistical framework for differential privacy},
  author={Wasserman, Larry and Zhou, Shuheng},
  journal={Journal of the American Statistical Association},
  volume={105},
  number={489},
  pages={375--389},
  year={2010},
  publisher={Taylor \& Francis}
}

@article{aktay2020google,
  title={Google COVID-19 community mobility reports: Anonymization process description (version 1.0)},
  author={Ahmet Aktay and Shailesh Bavadekar and Gwen Cossoul and John Davis and Damien Desfontaines and Alex Fabrikant and Evgeniy Gabrilovich and Krishna Gadepalli and Bryant Gipson and Miguel Guevara and Chaitanya Kamath and Mansi Kansal and Ali Lange and Chinmoy Mandayam and Andrew Oplinger and Christopher Pluntke and Thomas Roessler and Arran Schlosberg and Tomer Shekel and Swapnil Vispute and Mia Vu and Gregory Wellenius and Brian Williams and Royce J Wilson},
  journal={arXiv preprint arXiv:2004.04145},
  year={2020}
}

@article{rogers2020linkedin,
  title={LinkedIn's Audience Engagements API: A privacy preserving data analytics system at scale},
  author={Rogers, Ryan and Subramaniam, Subbu and Peng, Sean and Durfee, David and Lee, Seunghyun and Kancha, Santosh Kumar and Sahay, Shraddha and Ahammad, Parvez},
  journal={arXiv preprint arXiv:2002.05839},
  year={2020}
}

% Summary
@article{du2020differentially,
  title={Differentially private confidence intervals},
  author={Du, Wenxin and Foot, Canyon and Moniot, Monica and Bray, Andrew and Groce, Adam},
  journal={arXiv preprint arXiv:2001.02285},
  year={2020}
}

@article{karwa2017finite,
  title={Finite sample differentially private confidence intervals},
  author={Karwa, Vishesh and Vadhan, Salil},
  journal={arXiv preprint arXiv:1711.03908},
  year={2017}
}

@article{biswas2020coinpress,
  title={Coinpress: Practical private mean and covariance estimation},
  author={Biswas, Sourav and Dong, Yihe and Kamath, Gautam and Ullman, Jonathan},
  journal={arXiv preprint arXiv:2006.06618},
  year={2020}
}

@article{bowen2020comparative,
  title={Comparative study of differentially private data synthesis methods},
  author={Bowen, Claire McKay and Liu, Fang},
  journal={Statistical Science},
  volume={35},
  number={2},
  pages={280--307},
  year={2020},
  publisher={Institute of Mathematical Statistics}
}

@article{d2015differential,
  title={Differential privacy for social science inference},
  author={D'Orazio, Vito and Honaker, James and King, Gary},
  journal={Sloan Foundation Economics Research Paper},
  number={2676160},
  year={2015}
}

@article{brawner2018bootstrap,
  title={Bootstrap inference and differential privacy: Standard errors for free},
  author={Brawner, Thomas and Honaker, James},
  journal={Unpublished Manuscript},
  year={2018}
}

% Tabular
@article{rinott2018confidentiality,
  title={Confidentiality and differential privacy in the dissemination of frequency tables},
  author={Rinott, Yosef and Oâ€™Keefe, Christine M and Shlomo, Natalie and Skinner, Chris and others},
  journal={Statistical Science},
  volume={33},
  number={3},
  pages={358--385},
  year={2018},
  publisher={Institute of Mathematical Statistics}
}

@article{bowen2021differentially,
  title={Differentially private data release via statistical election to partition sequentially},
  author={Bowen, Claire McKay and Liu, Fang and Su, Bingyue},
  journal={METRON},
  volume={79},
  number={1},
  pages={1--31},
  year={2021},
  publisher={Springer}
}

@article{shlomo2018statistical,
  title={Statistical disclosure limitation: New directions and challenges},
  author={Shlomo, Natalie},
  journal={Journal of Privacy and Confidentiality},
  volume={8},
  number={1},
  year={2018}
}

@article{liu2018generalized,
  title={Generalized gaussian mechanism for differential privacy},
  author={Liu, Fang},
  journal={IEEE Transactions on Knowledge and Data Engineering},
  volume={31},
  number={4},
  pages={747--756},
  year={2018},
  publisher={IEEE}
}

@article{bowen2021comparative,
  title={Comparative study of differentially private synthetic data algorithms from the NIST PSCR differential privacy synthetic data challenge},
  author={Bowen, Claire McKay and Snoke, Joshua},
  journal={Journal of Privacy and Confidentiality},
  volume={11},
  number={1},
  year={2021}
}

@inproceedings{mckenna2019graphical,
  title={Graphical-model based estimation and inference for differential privacy},
  author={McKenna, Ryan and Sheldon, Daniel and Miklau, Gerome},
  booktitle={International Conference on Machine Learning},
  pages={4435--4444},
  year={2019},
  organization={PMLR}
}

@article{zhang2017privbayes,
  title={Privbayes: Private data release via bayesian networks},
  author={Zhang, Jun and Cormode, Graham and Procopiuc, Cecilia M and Srivastava, Divesh and Xiao, Xiaokui},
  journal={ACM Transactions on Database Systems (TODS)},
  volume={42},
  number={4},
  pages={1--41},
  year={2017},
  publisher={ACM New York, NY, USA}
}

@article{zhang2020privsyn,
  title={PrivSyn: Differentially Private Data Synthesis},
  author={Zhang, Zhikun and Wang, Tianhao and Li, Ninghui and Honorio, Jean and Backes, Michael and He, Shibo and Chen, Jiming and Zhang, Yang},
  journal={arXiv preprint arXiv:2012.15128},
  year={2020}
}

@article{li2015matrix,
  title={The matrix mechanism: optimizing linear counting queries under differential privacy},
  author={Li, Chao and Miklau, Gerome and Hay, Michael and McGregor, Andrew and Rastogi, Vibhor},
  journal={The VLDB journal},
  volume={24},
  number={6},
  pages={757--781},
  year={2015},
  publisher={Springer}
}

@article{mckenna2018optimizing,
  title={Optimizing error of high-dimensional statistical queries under differential privacy},
  author={McKenna, Ryan and Miklau, Gerome and Hay, Michael and Machanavajjhala, Ashwin},
  journal={arXiv preprint arXiv:1808.03537},
  year={2018}
}

% Quantiles
@inproceedings{dong2020optimal,
  title={Optimal differential privacy composition for exponential mechanisms},
  author={Dong, Jinshuo and Durfee, David and Rogers, Ryan},
  booktitle={International Conference on Machine Learning},
  pages={2597--2606},
  year={2020},
  organization={PMLR}
}

@inproceedings{smith2011privacy,
  title={Privacy-preserving statistical estimation with optimal convergence rates},
  author={Smith, Adam},
  booktitle={Proceedings of the forty-third annual ACM symposium on Theory of computing},
  pages={813--822},
  year={2011}
}

% @online{smartnoise, 
%     author = {SmartNoise},
%     title = {The exponential mechanism for medians},
%     year = {2020},
%     url = {https://github.com/opendp/smartnoise-core/tree/develop/whitepapers/mechanisms/exponential_median},
%     urldate = {2021-07-20}
% }

% @online{ibm, 
%     author = {IBM},
%     title = {Ibm differential privacy library},
%     year = 2019,
%     url = {https://github.com/IBM/differential-privacy-library/blob/main/diffprivlib/tools/quantiles.py},
%     urldate = {2021-07-20}
% }

@article{gillenwater2021differentially,
  title={Differentially Private Quantiles},
  author={Gillenwater, Jennifer and Joseph, Matthew and Kulesza, Alex},
  journal={arXiv preprint arXiv:2102.08244},
  year={2021}
}

@article{tzamos2020optimal,
  title={Optimal Private Median Estimation under Minimal Distributional Assumptions},
  author={Tzamos, Christos and Vlatakis-Gkaragkounis, Emmanouil-Vasileios and Zadik, Ilias},
  journal={arXiv preprint arXiv:2011.06202},
  year={2020}
}

@inproceedings{dwork2009differential,
  title={Differential privacy and robust statistics},
  author={Dwork, Cynthia and Lei, Jing},
  booktitle={Proceedings of the forty-first annual ACM symposium on Theory of computing},
  pages={371--380},
  year={2009}
}

% Regression
@article{wang2018revisiting,
  title={Revisiting differentially private linear regression: optimal and adaptive prediction \& estimation in unbounded domain},
  author={Wang, Yu-Xiang},
  journal={arXiv preprint arXiv:1803.02596},
  year={2018}
}

@inproceedings{sheffet2017differentially,
  title={Differentially private ordinary least squares},
  author={Sheffet, Or},
  booktitle={International Conference on Machine Learning},
  pages={3105--3114},
  year={2017},
  organization={PMLR}
}

@article{ferrando2020general,
  title={General-Purpose Differentially-Private Confidence Intervals},
  author={Ferrando, Cecilia and Wang, Shufan and Sheldon, Daniel},
  journal={arXiv preprint arXiv:2006.07749},
  year={2020}
}

@inproceedings{sheffet2019old,
  title={Old techniques in differentially private linear regression},
  author={Sheffet, Or},
  booktitle={Algorithmic Learning Theory},
  pages={789--827},
  year={2019},
  organization={PMLR}
}

@article{bernstein2019differentially,
  title={Differentially Private Bayesian Linear Regression},
  author={Bernstein, Garrett and Sheldon, Daniel R},
  journal={Advances in Neural Information Processing Systems},
  volume={32},
  pages={525--535},
  year={2019}
}


@article{zhang2012functional,
  title={Functional mechanism: regression analysis under differential privacy},
  author={Zhang, Jun and Zhang, Zhenjie and Xiao, Xiaokui and Yang, Yin and Winslett, Marianne},
  journal={arXiv preprint arXiv:1208.0219},
  year={2012}
}

@article{awan2020structure,
  title={Structure and sensitivity in differential privacy: Comparing k-norm mechanisms},
  author={Awan, Jordan and Slavkovi{\'c}, Aleksandra},
  journal={Journal of the American Statistical Association},
  pages={1--20},
  year={2020},
  publisher={Taylor \& Francis}
}

@article{fang2019regression,
  title={Regression analysis with differential privacy preserving},
  author={Fang, Xianjin and Yu, Fangchao and Yang, Gaoming and Qu, Youyang},
  journal={IEEE access},
  volume={7},
  pages={129353--129361},
  year={2019},
  publisher={IEEE}
}

@article{gong2019differential,
  title={Differential privacy preservation in regression analysis based on relevance},
  author={Gong, Maoguo and Pan, Ke and Xie, Yu},
  journal={Knowledge-Based Systems},
  volume={173},
  pages={140--149},
  year={2019},
  publisher={Elsevier}
}

@article{avella2020privacy,
  title={Privacy-preserving parametric inference: a case for robust statistics},
  author={Avella-Medina, Marco},
  journal={Journal of the American Statistical Association},
  pages={1--15},
  year={2020},
  publisher={Taylor \& Francis}
}

@article{chen2020median,
  title={Median regression with differential privacy},
  author={Chen, E and Miao, Ying and Tang, Yu},
  journal={arXiv preprint arXiv:2006.02983},
  year={2020}
}

@article{alabi2020differentially,
  title={Differentially Private Simple Linear Regression},
  author={Alabi, Daniel and McMillan, Audra and Sarathy, Jayshree and Smith, Adam and Vadhan, Salil},
  journal={arXiv preprint arXiv:2007.05157},
  year={2020}
}

@article{barrientos2019differentially,
  title={Differentially private significance tests for regression coefficients},
  author={Barrientos, Andr{\'e}s F and Reiter, Jerome P and Machanavajjhala, Ashwin and Chen, Yan},
  journal={Journal of Computational and Graphical Statistics},
  volume={28},
  number={2},
  pages={440--453},
  year={2019},
  publisher={Taylor \& Francis}
}

@article{lei2016differentially,
  title={Differentially private model selection with penalized and constrained likelihood},
  author={Lei, Jing and Charest, Anne-Sophie and Slavkovic, Aleksandra and Smith, Adam and Fienberg, Stephen},
  journal={arXiv preprint arXiv:1607.04204},
  year={2016}
}

@inproceedings{chen2016differentially,
  title={Differentially Private Regression Diagnostics.},
  author={Chen, Yan and Machanavajjhala, Ashwin and Reiter, Jerome P and Barrientos, Andr{\'e}s F},
  booktitle={ICDM},
  pages={81--90},
  year={2016}
}

@inproceedings{balle2018improving,
  title={Improving the Gaussian mechanism for differential privacy: Analytical calibration and optimal denoising},
  author={Balle, Borja and Wang, Yu-Xiang},
  booktitle={International Conference on Machine Learning},
  pages={394--403},
  year={2018},
  organization={PMLR}
}

@article{amitai2018differentially,
  title={Differentially private posterior summaries for linear regression coefficients},
  author={Amitai, Gilad and Reiter, Jerome},
  journal={Journal of Privacy and Confidentiality},
  volume={8},
  number={1},
  year={2018}
}

@article{wang2019differentially, 
  title={Differentially Private Confidence Intervals for Empirical Risk Minimization}, 
  author={Wang, Yue and Kifer, Daniel and Lee, Jaewoo}, 
  journal={Journal of Privacy and Confidentiality}, 
  volume={9}, 
  number={1}, 
  year={2019}
}


@article{talwar2015nearly,
  title={Nearly optimal private lasso},
  author={Talwar, Kunal and Guha Thakurta, Abhradeep and Zhang, Li},
  journal={Advances in Neural Information Processing Systems},
  volume={28},
  pages={3025--3033},
  year={2015}
}

@inproceedings{dandekar2018differential,
  title={Differential privacy for regularised linear regression},
  author={Dandekar, Ashish and Basu, Debabrota and Bressan, St{\'e}phane},
  booktitle={International Conference on Database and Expert Systems Applications},
  pages={483--491},
  year={2018},
  organization={Springer}
}


% Tax papers
@article{mortenson2020bunching,
  title={Bunching to maximize tax credits: Evidence from kinks in the us tax schedule},
  author={Mortenson, Jacob A and Whitten, Andrew},
  journal={American economic journal: Economic policy},
  volume={12},
  number={3},
  pages={402--32},
  year={2020}
}

@article{feldstein1980effects,
  title={The effects of taxation on the selling of corporate stock and the realization of capital gains},
  author={Feldstein, Martin and Slemrod, Joel and Yitzhaki, Shlomo},
  journal={The Quarterly Journal of Economics},
  volume={94},
  number={4},
  pages={777--791},
  year={1980},
  publisher={MIT Press}
}

@article{card1999causal,
  title={The causal effect of education on earnings},
  author={Card, David},
  journal={Handbook of labor economics},
  volume={3},
  pages={1801--1863},
  year={1999},
  publisher={Elsevier}
}

% Utility papers
@article{karr2006framework,
  title={A framework for evaluating the utility of data altered to protect confidentiality},
  author={Karr, Alan F and Kohnen, Christine N and Oganian, Anna and Reiter, Jerome P and Sanil, Ashish P},
  journal={The American Statistician},
  volume={60},
  number={3},
  pages={224--232},
  year={2006},
  publisher={Taylor \& Francis}
}

% New papers ------
@article{barrientos2021,
  title={A Feasibility Study of Differentially Private Summary Statistics and Regression Analyses for Administrative Tax Data},
  author={Barrientos, Andr\'es F. and Williams, Aaron R. and Snoke, Joshua and Bowen, Claire McKay},
  journal={arXiv preprint},
  year={2021}
}

% Tax Use Cases Section
@article{auten2018income,
  title={Income inequality in the United States: Using tax data to measure long-term trends},
  author={Auten, Gerald and Splinter, David},
  journal={Washington, DC: Joint Committee on Taxation},
  year={2018}
}

@article{smith2019top,
  title={Top wealth in the united states: New estimates and implications for taxing the rich},
  author={Smith, Matthew and Zidar, Owen and Zwick, Eric},
  journal={Unpublished manuscript},
  year={2019}
}

@article{collins2019gig,
  title={Is gig work replacing traditional employment? Evidence from two decades of tax returns},
  author={Collins, Brett and Garin, Andrew and Jackson, Emilie and Koustas, Dmitri and Payne, Mark},
  journal={Unpublished paper, IRS SOI Joint Statistical Research Program},
  year={2019}
}

@article{brady2020reconciling,
  title={Reconciling Form 1040 and Form 1099-R Data},
  author={Brady, Peter J and Bass, Steven},
  journal={Available at SSRN 3529672},
  year={2020}
}

@article{cullen2021political,
  title={Political Alignment, Attitudes Toward Government, and Tax Evasion},
  author={Cullen, Julie Berry and Turner, Nicholas and Washington, Ebonya},
  journal={American Economic Journal: Economic Policy},
  volume={13},
  number={3},
  pages={135--66},
  year={2021}
}

@techreport{tong2014impact,
  title={The Impact of Place-Based Employment Tax Credits on Local Labor: Evidence from Tax Data},
  author={Tong, Patricia and Zhou, Li and others},
  year={2014},
  institution={University of Alberta, Department of Economics}
}

@article{piketty2014optimal,
  title={Optimal taxation of top labor incomes: A tale of three elasticities},
  author={Piketty, Thomas and Saez, Emmanuel and Stantcheva, Stefanie},
  journal={American economic journal: economic policy},
  volume={6},
  number={1},
  pages={230--71},
  year={2014}
}

@article{kleven2013using,
  title={Using notches to uncover optimization frictions and structural elasticities: Theory and evidence from Pakistan},
  author={Kleven, Henrik J and Waseem, Mazhar},
  journal={The Quarterly Journal of Economics},
  volume={128},
  number={2},
  pages={669--723},
  year={2013},
  publisher={MIT Press}
}

% data
@article{ruggles2021cps,
  title={IPUMS USA: Version 11.0 [dataset]},
  author={Ruggles, Steven and Flood, Sarah and Foster, Sophia and Goeken, Ronald and Pacas, Jose and Schouweiler, Megan and Sobek, Matthew},
  year={2021},
  publisher={IPUMS, 2021}
}


